%% This BibTeX bibliography file was created using BibDesk.
%% https://bibdesk.sourceforge.io/

%% Created for Jenna Christensen at 2019-04-29 23:34:21 -0400 


%% Saved with string encoding Unicode (UTF-8) 



@mastersthesis{Cheng,
	Author = {Cheng-Der Fuh},
	Date-Added = {2019-04-30 03:32:37 +0000},
	Date-Modified = {2019-04-30 03:32:37 +0000},
	School = {Iowa State University},
	Title = {The bootstrap method for Markov chains},
	Year = {1989}}

@article{Vandezande,
	Author = {Niels Vandezande},
	Date-Added = {2019-04-24 02:03:13 +0000},
	Date-Modified = {2019-04-24 02:04:00 +0000},
	Journal = {Computer Law & Security Review},
	Pages = {341-353},
	Title = {Virtual currencies under EU anti-money laundering law},
	Year = {2017}}

@article{Prescott,
	Author = {Edward Prescott and Rajinish Mehra},
	Date-Added = {2019-04-24 02:01:54 +0000},
	Date-Modified = {2019-04-24 02:03:11 +0000},
	Journal = {Journal of Monetary Economics},
	Pages = {145-161},
	Title = {The equity premium: A puzzle},
	Year = {1985}}

@proceedings{Noda,
	Author = {Sara Noda},
	Date-Added = {2019-04-24 02:00:54 +0000},
	Date-Modified = {2019-04-24 02:01:53 +0000},
	Publisher = {International Conference on Economics and Business Administration},
	Title = {Equity Premium Puzzle: Not solved yet},
	Year = {2013}}

@article{Lucas,
	Author = {Robert E. Lucas},
	Date-Added = {2019-04-24 01:59:56 +0000},
	Date-Modified = {2019-04-24 02:00:51 +0000},
	Journal = {Econometrica},
	Pages = {1429-1445},
	Title = {Asset Prices in an Exchange Economy},
	Year = {1978}}

@article{Yukun,
	Author = {Liu Yukun and Aleh Tsyvinski},
	Date-Added = {2019-04-24 01:59:09 +0000},
	Date-Modified = {2019-04-24 01:59:54 +0000},
	Journal = {NBER Working Paper Series},
	Title = {Risks and Returns of Cryptocurrency},
	Year = {2018}}

@article{Diebold,
	Author = {Francis Diebold and Kamil Yilmaz},
	Date-Added = {2019-04-24 01:57:56 +0000},
	Date-Modified = {2019-04-24 01:59:05 +0000},
	Journal = {International Journal of Forecasting},
	Pages = {57-66},
	Title = {Better to give than to receive: Predictive directional measurement of volatility spillovers},
	Year = {2012}}

@article{Corbet,
	Author = {Shaen Corbet, Andrew Meegan, Charles Larkin, Brian Lucey, and Larisa Yarovaya},
	Date-Added = {2019-04-24 01:57:13 +0000},
	Date-Modified = {2019-04-24 01:57:54 +0000},
	Journal = {Economics Letters},
	Title = {Exploring the Dynamic Relationships between Cryptocurrencies and Other financial Assets},
	Year = {2018}}

@article{Barunik,
	Author = {Jozef Barunik and Thomas Krehlik},
	Date-Added = {2019-04-24 01:56:28 +0000},
	Date-Modified = {2019-04-24 01:57:12 +0000},
	Journal = {ECONSTOR},
	Title = {Measuring the frequency dynamics of financial and macroeconomic connectedness},
	Year = {2016}}
